@Article{Keil_2012,
  doi = {10.1111/j.2041-210x.2012.00264.x},
  url = {http://dx.doi.org/10.1111/j.2041-210x.2012.00264.x},
  year = {2012},
  month = {nov},
  publisher = {Wiley-Blackwell},
  volume = {4},
  number = {1},
  pages = {82--94},
  author = {Petr Keil and Jonathan Belmaker and Adam M. Wilson and Philip Unitt and Walter Jetz},
  editor = {Robert Freckleton},
  title = {Downscaling of species distribution models: a hierarchical approach},
  journal = {Methods Ecol Evol},
}

@article{Litterman1986,
author = {Litterman, Robert B.},
doi = {10.2307/1391384},
file = {:Users/jonathan/Documents/Mendeley Desktop/Litterman - 1986 - Forecasting with Bayesian Vector Autoregressions Five Years of Experience.pdf:pdf},
issn = {07350015},
journal = {Journal of Business {\&} Economic Statistics},
month = {jan},
number = {1},
pages = {25},
title = {{Forecasting with Bayesian Vector Autoregressions: Five Years of Experience}},
url = {https://www.jstor.org/stable/1391384?origin=crossref},
volume = {4},
year = {1986}
}






@book{James2014,
publisher = {Springer New York},
 isbn = {1461471370, 9781461471370},
year = {2014},
title = {An Introduction to Statistical Learning : with Applications in R},
language = {eng},
address = {New York, NY},
 author = {James, Gareth and Witten, Daniela and Hastie, Trevor and Tibshirani, Robert},
keywords = {Statistik / R / Programm},
url = {https://doi.org/10.1007/978-1-4614-7138-7},
}


@book{Hastie2013,
publisher = {Springer},
isbn = {0387848576},
year = {2013},
title = {The elements of statistical learning : data mining, inference, and prediction},
edition = {2. ed., corr. at 7. print.},
language = {eng},
address = {New York, NY},
author = {Hastie, Trevor and Tibshirani, Robert and Friedman, Jerome H.},
keywords = {Statistik / Maschinelles Lernen},
url = {http://digitale-objekte.hbz-nrw.de/storage2/2015/11/27/file_5/6530880.pdf},
}